
@ARTICLE{YOU:1967,
  author = {Younger, Daniel H.},
  title = {{Recognition and parsing of context-free languages in
  time $n^3$}},
  journal = {Information and Control},
  year = {1967},
  volume = {10},
  number = {2},
  pages = {189-208},
}

@ARTICLE{UNG:1968,
  author = {Unger, Stephen H.},
  title = {{A global parser for context-free phrase structure grammars}},
  journal = {Communications of the ACM},
  year = {1968},
  volume = {11},
  number = {4},
  pages = {240-247},
}

@article{NUS:PIE:GRI:KLE:1978,
  author = {Nussinov, Ruth and Pieczenik, George and Griggs,
    Jerrold R. and Kleitman, Daniel J.},
  title = {Algorithms for Loop Matchings},
  publisher = {SIAM},
  year = {1978},
  journal = {SIAM Journal on Applied Mathematics},
  volume = {35},
  number = {1},
  pages = {68-82},
  url = {http://link.aip.org/link/?SMM/35/68/1},
  doi = {10.1137/0135006}
}

